<record><leader>00000cas a2200000 a 4500</leader><controlfield tag="001">12099384</controlfield><controlfield tag="008">850531d188719uuksuwr ne      0    0ger d</controlfield><datafield ind1=" " ind2=" " tag="010"><subfield code="a">sn 85029270 </subfield></datafield><datafield ind1=" " ind2=" " tag="040"><subfield code="a">KSH</subfield><subfield code="b">eng</subfield><subfield code="c">KSH</subfield><subfield code="d">NPT</subfield><subfield code="d">OCL</subfield><subfield code="d">OCLCQ</subfield></datafield><datafield ind1="0" ind2=" " tag="041"><subfield code="a">ger</subfield><subfield code="a">eng</subfield></datafield><datafield ind1=" " ind2=" " tag="042"><subfield code="a">msc</subfield></datafield><datafield ind1="0" ind2=" " tag="130"><subfield code="a">Leavenworth tribune (Leavenworth, Kan. : 1887)</subfield></datafield><datafield ind1="1" ind2="0" tag="245"><subfield code="a">Leavenworth tribune.</subfield></datafield><datafield ind1=" " ind2=" " tag="260"><subfield code="a">Leavenworth, Kan. :</subfield><subfield code="b">S. Kuraner</subfield></datafield><datafield ind1=" " ind2=" " tag="300"><subfield code="a">volumes :</subfield><subfield code="b">illustrations ;</subfield><subfield code="c">50-55 cm</subfield></datafield><datafield ind1=" " ind2=" " tag="310"><subfield code="a">Weekly</subfield></datafield><datafield ind1=" " ind2=" " tag="336"><subfield code="a">text</subfield><subfield code="b">txt</subfield><subfield code="2">rdacontent</subfield></datafield><datafield ind1=" " ind2=" " tag="337"><subfield code="a">unmediated</subfield><subfield code="b">n</subfield><subfield code="2">rdamedia</subfield></datafield><datafield ind1=" " ind2=" " tag="338"><subfield code="a">volume</subfield><subfield code="b">nc</subfield><subfield code="2">rdacarrier</subfield></datafield><datafield ind1="1" ind2=" " tag="362"><subfield code="a">Began in 1887.</subfield><subfield code="z">Cf. Ayer, 1903.</subfield></datafield><datafield ind1=" " ind2=" " tag="500"><subfield code="a">Published by: L. Steichmann, &lt;Dec. 15, 1915&gt;-Mar. 31, 1916; German-American Pub. Co., Apr. 7, 1916-</subfield></datafield><datafield ind1=" " ind2=" " tag="525"><subfield code="a">Includes supplements.</subfield></datafield><datafield ind1=" " ind2=" " tag="546"><subfield code="a">In German, with some columns in English.</subfield></datafield><datafield ind1=" " ind2=" " tag="580"><subfield code="a">Also issued a daily edition called: Leavenworth post (Leavenworth, Kan. : 1887).</subfield></datafield><datafield ind1=" " ind2=" " tag="588"><subfield code="a">Description based on: Jahrg. 14, no. 493 (Mai 10, 1901).</subfield></datafield><datafield ind1=" " ind2=" " tag="752"><subfield code="a">United States</subfield><subfield code="b">Kansas</subfield><subfield code="c">Leavenworth</subfield><subfield code="d">Leavenworth.</subfield></datafield><datafield ind1="1" ind2=" " tag="775"><subfield code="t">Leavenworth post (Leavenworth, Kan. : 1887)</subfield><subfield code="w">(DLC)sn 85029314</subfield></datafield></record>